% Bibliography for Core Library Tutorial

@book{orourke:bk
, author =      "Joseph O'Rourke"
, title =       "Computational Geometry in {C}"
, publisher =   "Cambridge University Press"
, edition =     "Second Edition"
, comment=      "first edition is 1994"
, year =        1998
}

@techreport{schirra:robustness-survey:98
, author="Stefan Schirra"
, title="Robustness and Precision Issues in Geometric Computation"
, type ="Report"
, number ="MPI-I-98-1-004"
, institution="Max-Planck-Institut f{\"u}r Informatik"
, address ="Saarbr{\"u}cken, Germany"
, note="To appear in {\em Handbook on Computational Geometry},
	edited by J.R.~Sack and J.~Urrutia."
, month="Jan"
, year=1998
}

@inproceedings{bfms:easy:99
, author="C. Burnikel and R. Fleischer and K. Mehlhorn and S. Schirra"
, title="Exact Geometric Computation Made Easy"
, booktitle="Proc. 15th ACM Symp. Comp. Geom."
, pages="341--450"
, year=1999
}

@article{fortune-vanwyk:static:96
, author="Steven J. Fortune and Christopher J. van Wyk"
, title="Static analysis yields efficient exact integer arithmetic For
	computational geometry"
, journal="ACM Transactions on Graphics"
, volume=15
, number=3
, pages="223--248"
, year=1996
}

@inproceedings{fortune-vanwyk:exact,
	author="Steven J. Fortune and Christopher J. van Wyk",
	title="Efficient exact arithmetic for computational geometry",
	booktitle="Proc. 9th ACM Symp. on Computational Geom.",
	pages="163-172",
	year=1993
}

@article{kln:delaunay:91
, author="M. Karasick and D. Lieber and L. R. Nackman"
, title="Efficient {D}elaunay triangulation using rational arithmetic"
, journal="ACM Trans. on Graphics"
, volume=10
, pages="71--91"
, year=1991
}

@inproceedings{bkmnsu:exact:95
, author="Christoph Burnikel and Jochen K{\"o}nnemann and
	Kurt Mehlhorn and Stefan N{\"a}her and Stefan Schirra
	and Christian Uhrig"
, title =       "Exact Geometric Computation in {LEDA}"
, booktitle =   "Proc. 11th ACM Symp. Computational Geom."
, year =        1995
, pages =       "C18--C19"
, url = "http://www.mpi-sb.mpg.de/guide/staff/uhrig/leda.html"
, keywords =    ""
}

@phdthesis{burnikel:exact:thesis
, author =      "C. Burnikel"
, title =       "Exact Computation of {Voronoi} Diagrams and Line Segment Intersections"
, type =        "Ph.{D} Thesis"
, school =      "Universit{\"a}t des Saarlandes"
, month =       "March"
, year =        1996
, keywords =    "doctoral thesis"
}

@inproceedings{shewchuk:adaptive:96
,author = {Jonathan Richard Shewchuk}
,title = {Robust Adaptive Floating-Point Geometric Predicates}
,booktitle = {Proc.~12th ACM Symp.~on Computational Geom.}
,publisher = {Association for Computing Machinery}
,pages = {141--150}
,month = may
,year = 1996
}

@inproceedings{klpy:core:98
, author="V. Karamcheti and C. Li and I. Pechtchanski and C. Yap"
, title="A Core Library for Robust Numeric and Geometric Computation"
, booktitle="Proc.~15th ACM Symp.~on Computational Geometry"
, pages="351--359"
, month=jun
, year="1999"
, note="Miami Beach, Florida"
}
@inproceedings{li-yap:constructiveBound:00
,title="A New Constructive Root Bound for Algebraic Expressions"
, author="Chen Li and Chee Yap"
, booktitle="Proc.~12th ACM-SIAM Symposium on Discrete Algorithms (SODA)"
, publisher="ACM and SIAM"
, pages="496--505"
, month=jan
, year=2001
}    
@inproceedings{tyl:zero-test:00
, title="Randomized Zero Testing of Radical Expressions
        and Elementary Geometry Theorem Proving"
, author="Daniela Tulone and Chee Yap and Chen Li"
, booktitle="International Workshop on Automated Deduction in
           Geometry (ADG'00), Zurich, Switzerland"
, note="Preprint:
        {\tt ftp://cs.nyu.edu/pub/local/yap/exact/}."
, month=sep
, year=2000
}

@article{mehlhorn-etal:sep-bd:00
, author="C. Burnikel and R. Fleischer and K. Mehlhorn and S. Schirra"
, title="A strong and easily computable separation bound for arithmetic expressi
ons involving radicals"
, journal="Algorithmica"
, volume=27
, pages="87--99"
, year=2000
}

@mastersthesis{ouchi:thesis
, author="Kouji Ouchi"
, title="{Real/Expr}: Implementation of an Exact Computation Package"
, school="New York University"
, address="Department of Computer Science, Courant Institute"
, month="January"
, year=1997
}

@article{yap:exact
, author="Chee K. Yap"
, title="Towards Exact Geometric Computation"
, journal="Computational Geometry: Theory and Applications"
, volume=7
, pages="3--23"
, year=1997
}

@inproceedings{yap:brown-cgc:98
, author="Chee Yap"
, title="A New Number Core for Robust Numerical and Geometric Libraries"
, booktitle="3rd CGC Workshop on Geometric Computing"
, note="Invited Talk. Brown University, Oct 11--12, 1998.
	Abstracts, {\tt http://www.cs.brown.edu/cgc/cgc98/home.html}"
, year=1998
}

@incollection{yap-dube:paradigm
, author =      "C. K. Yap and T. Dub\'e"
, title =       "The exact computation paradigm"
, editor =      "D.-Z. Du and F. K. Hwang"
, booktitle =   "Computing in Euclidean Geometry"
, series =      "Lecture Notes Series on Computing"
, volume =      1
, edition =     "2nd"
, publisher =   "World Scientific"
, address =     "Singapore"
, year =        1995
, pages =       "452--492"
, url = "http://cs.nyu.edu/cs/faculty/yap/papers/paradigm.ps"
, keywords =    "survey paper, numeral computing, exact compuation, fixed-precis
ion, multiprecision number packages"
, update =      "97.11 icking, 97.03 devillers+pocchiola"
, abstract =    "A survey of the approaches to non-robustness of geometric algor
ithms, and especially the exact computation approach. Also surveys available big
-number packages."
}

@incollection{yap:crc
, author =      "Chee K. Yap"
, title =       "Robust Geometric Computation"
, editor =      "Jacob E. Goodman and Joseph O'Rourke"
, booktitle =   "Handbook of Discrete and Computational Geometry"
, publisher =   "Chapmen \& Hall/CRC"
, edition =	"2nd"
, address =    "Boca Raton, FL"
, chapter =     41
, pages =	"927--952"
, note=	"Expanded from 1997 version."
, extraNote=" URL {\tt ftp://cs.nyu.edu/pub/local/yap/exact/crc02.ps.gz}."
, comment="64 chapters, approx. xiv+1400 pp."
, year =        "2004"
}


@book{yap:algebra-bk,
	author="Chee K. Yap",
	title="Fundamental Problems in Algorithmic Algebra", 
	publisher="Oxford University Press",
	comment="ISBN 0-19-512516-9, 500 pp.",
	note="A version is available at URL
		 {\tt ftp:/Preliminary/cs.nyu.edu/pub/local/yap/algebra-bk}",
	year="2000"
}

@inproceedings{pion-yap:kary:03
, title="Constructive Root Bound Method for $k$-Ary Rational Input Numbers"
, author="Sylvain Pion and Chee Yap"
, booktitle="19th " # "ACM Symp. on Comp.Geometry"
, address="San Diego, California. "
, comment="Submitted to Journal"
, pages="256--263"
, year="2003"
}

@article{li-pion-yap:progress:04
, title="Recent Progress in Exact Geometric Computation"
, author="Chen Li and Sylvain Pion and Chee Yap"
, editor="N. M{\"u}ller and M. Escardo and P. Zimmermann"
, journal="Journal of Logic and Algebraic Programming"
, note="To appear. Special issue on
	``Practical Development of Exact Real Number Computation''."
, comment="replaces li-yap:progress:01"
, year="2004"
}

@article{bfs:exact-cascaded:01
, author="C. Burnikel and S. Funke and M. Seel"
, title="Exact Geometric Computation using Cascading"
, journal="International J. Comp. Geometry and Applications"
, volume=11
, number=3
, pages="245--266"
, note="Special Issue"
, comment="replaces bfs:exact-cascaded:98.
	Interesting that they used EGC in new title!"
, year=2001
}

